%% This BibTeX bibliography file was created using BibDesk.
%% http://bibdesk.sourceforge.net/


%% Created for Ming Yang at 2014-09-03 16:38:00 -0500 


%% Saved with string encoding Unicode (UTF-8) 



@book{lamport1986document,
	Author = {Lamport, Leslie and LaTEX, A},
	Date-Added = {2014-09-03 21:37:58 +0000},
	Date-Modified = {2014-09-03 21:37:58 +0000},
	Publisher = {Addison-Wesley Reading, MA},
	Title = {Document Preparation System},
	Year = {1986}}
