%% This BibTeX bibliography file was created using BibDesk.
%% http://bibdesk.sourceforge.net/


%% Created for Ming Yang at 2014-10-18 22:56:16 -0500 


%% Saved with string encoding Unicode (UTF-8) 



@book{knuth1986texbook,
	Author = {Knuth, Donald Ervin and Bibby, Duane},
	Date-Added = {2014-10-19 03:56:04 +0000},
	Date-Modified = {2014-10-19 03:56:04 +0000},
	Publisher = {Addison-Wesley Reading, MA, USA},
	Title = {The texbook},
	Volume = {1993},
	Year = {1986}}
